2856 4696
464 249 797 315 ettonNtsstn.
1088 255 1148 318 tot

415 419 419 438 ‘
479 460 483 467 .
529 415 742 485 ΧΟΡΟΣ.

126 557 176 610 960
226 531 356 633 Κρέον,
381 537 419 608 τίΙ
437 543 551 636 σιγᾷς,
569 545 686 666 γῆρυν
711 533 889 632 ἄφθογγον
914 501 1061 632 σχοίοαςς

189 667 192 674 ·
225 639 327 736 κάμοὶ
348 636 411 736 γὰρ
436 637 539 711 οὐδὲν
561 657 669 736 ησσον
692 635 845 738 ἔκπληξις
869 637 969 734 τᾶρα.
1070 646 1147 732 965

529 793 744 862 ΚΡΕιΩΝ.

228 917 260 988 τί
283 913 315 988 ‹i’
338 911 381 988 aiv
404 901 457 1002 teg¹
480 917 589 998 είττοι;
613 919 718 1014 δῆλον
743 909 829 1008 οἵγ’
853 913 925 1007 ἐμοὶ
948 912 1056 1012 λόγον.

226 1013 288 1110 ἐγώ
315 1013 378 1114 γὰρ
391 1013 521 1089 ὀὔποτ’
545 1018 594 1105 είς
617 1013 700 1090 τόδ*
711 1009 775 1108 εἶμι
800 1020 992 1110 συμφορᾶς,

227 1115 306 1207 nigre
331 1119 500 1214 σφαγέντα
524 1123 628 1190 nawa
651 1123 847 1212 τροςθεῖναι
871 1115 976 1189 πόλει.

128 1231 178 1284 965
227 1226 331 1293 αᾶοἱν
354 1217 418 1316 γὰρ
443 1217 653 1315 ἀνθρώποισι
677 1216 874 1313 φιλότεκνος
898 1219 982 1311 βίος,

226 1318 303 1395 οὐδ’
326 1316 369 1396 iv
392 1317 452 1396 τὸν
470 1318 580 1394 αὐτοῦ
603 1320 707 1394 παῖδά
731 1347 782 1408 τις
807 1320 885 1416 δοίη
909 1324 1047 1391 κτανεῖν.
1074 1323 1149 1394 970

229 1425 276 1520 μή
301 1420 334 1517 μ’
359 1420 538 1518 εὐλογείτω
558 1418 645 1516 ripa
670 1449 720 1510 τις
744 1422 878 1493 κτείνων
902 1421 1008 1494 τέκνα.
1268 1435 1275 1464 ²

1197 1490 1215 1520 ol

230 1521 335 1614 aaa
359 1521 399 1613 s,
425 1525 460 1598 ν
484 1522 596 1626 τοο
620 1519 684 1620 re
710 1521 941 1623 νοντα,
1175 1527 1343 1596 ww

129 1769 214 1842 ἐχρῆν
230 1771 342 1826 Leid.A.
358 1772 429 1824 Flor.
440 1773 481 1826 34.
501 1775 632 1841 Aug.b.d.

200 1857 224 1894 v.
243 1840 302 1893 965.
335 1834 372 1894 καί
393 1841 420 1896 ni
443 1838 620 1914 poipJ'uoipoi
646 1841 696 1912 μὲν
726 1841 839 1893 Sohol.
870 1839 989 1893 Leirii.
1020 1837 1093 1891 Flor.
1111 1839 1151 1891 10.

131 1906 228 1976 Angit.
248 1906 332 1976 κάμοί
348 1860 400 1978 pis
414 1909 468 1980 peip
486 1912 606 1963 Cantabr.
862 1971 870 1990 ‚

200 1994 223 2028 v.
243 1977 302 2030 968.
337 1979 440 2046 παῖδα]
464 1997 515 2032 om.
537 1980 660 2033 Fronte.
678 1979 740 2031 Eius
757 1977 820 2029 loeo
837 1975 1011 2030 voverunt.
1029 1973 1152 2029 Floret.
1235 2039 1238 2044 ,

129 2041 246 2112 itemque
264 2047 461 2115 paraphrastes.
494 2049 606 2114 Recepit
623 2049 784 2110 Bothins,
802 2046 859 2098 sine
878 2045 973 2098 idonea
991 2061 1078 2096 eausa.

197 2129 224 2166 v.
237 2113 296 2166 972.
332 2115 459 2186 intepet]
480 2117 524 2168 sis
538 2118 598 2169 libri
617 2116 747 2184 plerique,
764 2113 893 2181 Sohoi,
912 2113 972 2166 edd.
987 2123 1051 2164 vett.
1070 2108 1156 2166 ἔσται·

129 2197 181 2244 μετ
205 2197 219 2230 e
241 2199 385 2248 pancornm
409 2185 537 2236 librorum
560 2185 666 2238 indiciis
713 2201 824 2252 quornm
848 2184 919 2236 Flor.
933 2187 963 2234 A.
979 2182 1019 2234 10.
1032 2182 1058 2233 2.
1080 2180 1153 2232 Vint.

95 2249 104 2256 ’
130 2243 258 2328 ἕσταμεν,
270 2251 395 2304 Ποαδδν
410 2249 535 2318 Europae,
550 2254 657 2306 Taurin.
673 2229 793 2335 Q
809 2252 916 2314 habent,
934 2251 1019 2302 edidit
1031 2256 1059 2306 Δ.
1072 2249 1154 2301 Met-

130 2316 241 2381 thrae,
260 2334 336 2385 quern
355 2321 516 2370 recentiores
534 2338 624 2372 omnes
641 2333 727 2374 secntr
743 2332 821 2374 stant.¹

131 2418 251 2487 σαεφδεῖ
258 2417 391 2488 τρίποδος
403 2414 433 2472 ἐκ
444 2415 620 2488 χρυσηλάτου
668 2432 787 2474 τείσεται
807 2422 925 2490 patriae,
951 2419 974 2470 ei
990 2419 1038 2470 ilie
1054 2419 1154 2472 liberos

55 2545 60 2556 ¹
131 2483 187 2540 ατί.
669 2491 901 2543 snosinterieetos
915 2489 1012 2558 cupiat.

701 2577 727 2613 τ.
736 2559 848 2628 972seq.
872 2559 933 2612 Non
946 2557 1009 2609 satie
1018 2564 1092 2608 reete
1103 2556 1154 2607 hos

668 2624 722 2686 dno
736 2625 1068 2680 versnsintellexissemihi
1078 2624 1154 2676 vide-
1194 2635 1206 2642 “

668 2703 712 2744 tur
728 2694 759 2746 G.
775 2697 995 2761 Hermanno,
1012 2693 1057 2764 qui
1070 2710 1155 2762 nuper

669 2763 777 2813 miratus
793 2777 843 2828 est,
856 2767 929 2833 qnod
942 2781 1018 2814 nemo
1031 2780 1077 2814 eos
1090 2779 1154 2830 snp-

668 2831 805 2896 positioios
820 2850 878 2882 esse
893 2832 1032 2881 censuerit.
1061 2831 1154 2910 Neque

669 2898 738 2948 enim
752 2899 802 2949 hae
814 2916 879 2949 voce
889 2897 974 2947 Creon
987 2897 1040 2947 hoo
1052 2897 1155 2962 signifi-

670 2975 728 3032 cat,
752 2983 781 3015 se
803 2965 852 3014 filii
871 2965 933 3014 loco
953 2963 1063 3014 animam
1082 2979 1155 3013 suern

668 3049 718 3102 pro
748 3032 834 3099 patria
853 3030 1021 3096 proditurum
1045 3047 1101 3079 esse
1123 3047 1154 3082 oo

668 3101 761 3165 modo,
779 3116 833 3167 qno
846 3097 963 3148 Tiresias
977 3095 1089 3147 iusserat
1100 3097 1155 3168 pti-

669 3185 747 3237 quem
768 3185 782 3218 a
799 3171 952 3235 Spartornm
965 3164 1047 3232 stirpe
1059 3165 1155 3215 immo-

668 3238 727 3301 lari,
753 3236 814 3305 quia
833 3251 882 3286 neo
898 3234 1001 3285 iuvenis
1027 3235 1081 3302 ipse
1101 3243 1157 3285 eret

167 2605 191 2642 ν.
205 2588 264 2642 968.
290 2582 359 2651 ni'rre
372 2587 517 2660 σφαγέντα
530 2589 621 2644 παῖδα

130 2659 299 2727 aperitione
320 2654 418 2729 milae]
447 2661 495 2711 Est
519 2677 619 2712 summa

132 2727 263 2778 acerbitas
276 2727 303 2778 in
316 2727 367 2778 heo
380 2746 453 2795 voce,
469 2729 549 2781 etiam
560 2729 618 2796 ipse

134 2795 255 2846 oratione
267 2797 425 2864 conspicue:
441 2806 477 2847 nt
492 2813 618 2848 eaerum

133 2863 251 2914 tilium
293 2880 475 2942 apponam
516 2865 620 2933 quasi

132 2929 620 2998 frnendnmorvitati.iiinoep-

131 3007 209 3066 paret
224 3013 277 3046 non
290 3009 370 3062 posse
381 2994 464 3051 τόνδε
471 3013 521 3064 pro
528 3001 620 3053 παῖδα

132 3067 193 3132 legi.
212 3067 294 3115 Immo
306 3081 334 3114 re
354 3066 419 3115 etita
433 3066 512 3115 etiam
524 3084 547 3119 v.
558 3067 618 3119 970.

131 3135 179 3185 ilia
196 3149 261 3183 vona
277 3083 370 3185 aeoeiia
387 3133 529 3186 erudelitas
542 3135 619 3188 istius

132 3199 251 3254 vaticinii
265 3199 374 3251 effertur
387 3202 478 3269 magis.

167 3317 192 3354 v.
205 3301 263 3354 971.
286 3297 326 3370 μή
377 3301 523 3372 εὐλογείτω
540 3297 617 3372 τοῖμοί
668 3323 753 3376 neque
767 3307 818 3357 iam
834 3303 915 3354 ullam
931 3302 1007 3354 istius
1024 3303 1157 3354 vaticine-

133 3387 176 3428 τις
187 3369 302 3424 κτείνων
314 3321 408 3440 τίίτνα]
418 3374 516 3425 Eodem
526 3375 616 3438 modo,
667 3375 748 3426 tionis
766 3374 895 3425 rationem
914 3369 1002 3423 habet.
1032 3371 1091 3423 'Sed
1111 3381 1155 3422 ut-

118 3455 185 3507 .quo
199 3455 277 3505 snpra
293 3441 382 3494 neta.
391 3442 506 3493 Tiresias
514 3442 616 3492 Creon·
666 3452 731 3510 pote
740 3443 798 3510 pins
812 3441 940 3512 pater,ita
950 3441 1155 3492 detestaturim-

131 3509 166 3557 tis
182 3523 320 3574 personam
333 3510 509 3577 descripserat
520 3511 616 3560 tacitns
666 3511 840 3563 prolationem
858 3509 921 3575 filit,
943 3519 973 3561 nt
989 3510 1079 3578 potins
1096 3511 1154 3575 ipse

130 3592 178 3644 per
188 3593 335 3642 pronomen
348 3579 398 3640 τίς,
414 3579 617 3629 hiciamrnrsns
667 3597 716 3660 pro
731 3581 816 3648 patria
828 3579 896 3630 mori
912 3578 990 3647 velit,
1010 3595 1087 3644 qnam
1101 3578 1156 3644 pati

131 3645 215 3694 Creon
237 3646 404 3712 potissimum
424 3645 553 3697 Tiresiam
573 3646 618 3695 in·
642 3681 645 3695 .
668 3649 981 3700 immolarifiliumsunm.
1001 3647 1156 3697 Hoc-autem
1210 3688 1212 3696 ,

132 3712 221 3763 dicare
237 3713 357 3778 videtur,
376 3732 458 3782 aquo
471 3715 540 3766 nolit
557 3713 617 3764 lau·
668 3733 716 3785 pro
740 3719 823 3784 patria
839 3713 907 3767 mori
923 3714 1039 3781 pertinet
1057 3711 1090 3763 sd
1104 3731 1156 3780 pu·

62 3777 67 3788 '
131 3780 271 3848 dariipse‚
289 3783 419 3854 siqnidem
438 3783 487 3834 ille
504 3783 616 3833 interfici
668 3802 743 3850 gnam
756 3793 837 3854 ‘atque
857 3781 1043 3834 liberationem
1055 3783 1156 3850 patriae

131 3848 231 3900 liberos
245 3866 305 3901 suos
319 3850 505 3902 vaticiniosuo
519 3851 618 3919 iubeat,
633 3854 649 3871 ⁸
668 3871 721 3904 non
737 3853 769 3903 ab
784 3855 823 3902 ira
838 3850 941 3909 Martis,
959 3850 1007 3900 sed
1021 3849 1053 3900 nb
1069 3851 1157 3918 impe-

130 3918 618 3988 quamquamhooquidemlocoetiam
667 3929 697 3971 tn
721 3920 846 3970 hostium.
885 3917 1053 4003 Quapropter
1077 3919 1155 3970 etiam

130 3981 210 4036 latins
224 3983 290 4036 haee
305 3989 391 4040 oratio
406 3999 497 4054 patere
510 3987 618 4056 poterit,
669 3987 802 4039 adiunxit:
821 3985 851 4040 ίτ
862 3981 957 4056 ὡραίῳ
970 4003 1023 4058 γαρ
1040 3985 1155 4057 ἵσταμαι
1263 4003 1266 4016 ·

129 4063 160 4103 ut
177 4053 283 4116 omnino
295 4055 379 4106 Creon
393 4074 421 4108 se
434 4056 529 4107 dicata
541 4056 615 4108 nullo
666 4057 734 4176 γίνῃ
764 4071 816 4121 qno
837 4051 966 4122 significat
979 4073 1007 4108 se
1023 4057 1092 4107 vires
1105 4058 1156 4108 ad-

129 4115 236 4172 stans
254 4121 357 4176 rasam
371 4125 451 4193 vens,
469 4123 544 4191 quan
558 4141 616 4196 ser·¹
685 4107 718 4176 τί
738 4123 852 4190 habers,
880 4134 910 4175 ut
934 4124 967 4176 os
988 4125 1153 4179 resarsurum
